@InBook{Nedham1994,
	author = {Needham Joseph},
	title = {The Shorter Science and Civilisation in China, Volume 4},
	publisher = {Cambridge University Press},
	address = {London},
	year = {1994},
	edition = {4},
	ISBN = {978-0-521-32995-8},
}

@InBook{Davies1996,
	author = {Martin Davies},
	title = {The Gutenberg Bible},
	publisher = {British Library},
	address = {London},
	year = {1996},
	ISBN = {0-7123-0492-4},
}

@Misc{Danielle2013,
	author = {Danielle Hill},
	title = {What Is Typography?},
	howpublished = {[online]},
	year = { rev. 8. července 2013},
	url = {https://www.bopdesign.com/bop-blog/2013/07/what-is-typography/},
}

@Misc{Forrest2021,
	author = {Fi Forrest},
	title = {The history of typography: retracing letter forms from hieroglyphs to Helvetica},
	howpublished = {[online]},
	year = { rev. 17. října 2021},
	url = {https://99designs.com/blog/design-history-movements/the-history-of-typography/},
}
@Misc{Infoamerica2014,
	author = {Infoamerica},
	title = {"The Evolution of Typography"},
	howpublished = {[online]},
	year = { rev. 2. listopadu 2014},
	url = {https://www.infoamerica.org/museo/pdf/evolucion.pdf},
}

@Article{Knuth1979,
	author = {Knuth, Donald E.},
	title = {Mathematical typography},
	journal = {Bulletin of the American Mathematical Society},
    volume = {1},
    number = {2},
	pages = {337\,--\,372},
	year = {1979},
	DOI = {10.1090/S0273-0979-1979-14598-1},
}

@Article{Charles1983,
	author = {Bigelow Charles, Day Donald},
	title = {Digital Typography},
	journal = {Scientific American},
    volume = {249},
    number = {2},
	pages = {106\,--\,120},
	year = {1983},
	DOI = {10.1038/scientificamerican0883-106},
}

@Article{Arnold2020,
	author = {Wilkins Arnold, Smith Katie, Penacchio Olivier},
	title = {The Influence of Typography on Algorithms that Predict the Speed and Comfort of Reading},
	journal = {Vision},
    volume = {4},
    number = {1},
	pages = {1\,--\,16},
	year = {2020},
	DOI = {10.3390/vision4010018},
}